@book{2006shen,
author={沈惠川, 李书民},
title={经典力学},
publisher={中国科学技术大学出版社},
year={2006},
month={08},
address={合肥},
}
